@article{UBHD-68613810,
  author={K{\"o}ntges, Thomas},
  title={Measuring philosophy in the first thousand years of Greek literature},
  year={2020},
  language={eng},
  issn={2364-7957 and 2364-7957},
  volume={6},
  journal={Digital classics online},
  doi={10.11588/dco.2020.2.73197},
  url={https://doi.org/10.11588/dco.2020.2.73197},
  urldate = {2020-07-11},
  library={UB},
}

  @Manual{Rcore,
    title = {R: A Language and Environment for Statistical Computing},
    author = {{R Core Team}},
    organization = {R Foundation for Statistical Computing},
    address = {Vienna, Austria},
    year = {2020},
    url = {https://www.R-project.org/},
    urldate = {2021-04-14},
  }

@misc{magnusson2017sparse,
      title={Sparse Partially Collapsed MCMC for Parallel Inference in Topic Models},
      author={Måns Magnusson and Leif Jonsson and Mattias Villani and David Broman},
      year={2017},
      eprint={1506.03784},
      archivePrefix={arXiv},
      primaryClass={stat.ML}
}

  @Manual{libdigest,
    title = {digest: Create Compact Hash Digests of R Objects},
    author = {Dirk Eddelbuettel with contributions by Antoine Lucas and Jarek Tuszynski and Henrik Bengtsson and Simon Urbanek and Mario Frasca and Bryan Lewis and Murray Stokely and Hannes Muehleisen and Duncan Murdoch and Jim Hester and Wush Wu and Qiang Kou and Thierry Onkelinx and Michel Lang and Viliam Simko and Kurt Hornik and Radford Neal and Kendon Bell and Matthew {de Queljoe} and Ion Suruceanu and Bill Denney and Dirk Schumacher and and Winston Chang.},
    year = {2020},
    note = {R package version 0.6.27},
    url = {https://CRAN.R-project.org/package=digest},
    urldate = {2020-08-29},
  }

  @Misc{libfuture.apply,
    author = {Henrik Bengtsson},
    title = {A Unifying Framework for Parallel and Distributed Processing in R using Futures},
    year = {2020},
    month = {aug},
    eprint = {2008.00553},
    archiveprefix = {arXiv},
    primaryclass = {cs.DC},
    url = {https://arxiv.org/abs/2008.00553},
    urldate = {2021-04-14},
  }


  @Manual{libgetcartr,
    title = {getcartr: Front end for Rcartogram package},
    author = {Chris Brunsdon and Martin Charlton},
    year = {2014},
    note = {R package version 1.01},
  }


  @Manual{libhash,
    title = {hash: Full Feature Implementation of Hash/Associated
Arrays/Dictionaries},
    author = {Christopher Brown},
    year = {2019},
    note = {R package version 2.2.6.1},
    url = {https://CRAN.R-project.org/package=hash},
    urldate = {2021-04-14},
  }


  @Manual{libhunspell,
    title = {hunspell: High-Performance Stemmer, Tokenizer, and Spell Checker},
    author = {Jeroen Ooms},
    year = {2021},
    note = {https://docs.ropensci.org/hunspell/ (docs),
https://github.com/ropensci/hunspell (devel)
https://hunspell.github.io (upstream)},
  }


  @Article{libjsonlite,
    title = {The jsonlite Package: A Practical and Consistent Mapping Between JSON Data and R Objects},
    author = {Jeroen Ooms},
    journal = {arXiv:1403.2805 [stat.CO]},
    year = {2014},
    url = {https://arxiv.org/abs/1403.2805},
    urldate = {2021-03-08},
  }


  @Manual{libkoRpus,
    title = {koRpus: Text Analysis with Emphasis on POS Tagging, Readability, and Lexical Diversity},
    author = {Meik Michalke},
    year = {2021},
    note = {(Version 0.13-5)},
    url = {https://reaktanz.de/?c=hacking&s=koRpus},
    urldate = {2021-04-13},
  }


  @Manual{libLDAvis,
    title = {LDAvis: Interactive Visualization of Topic Models},
    author = {Carson Sievert and Kenneth Shirley},
    year = {2015},
    note = {R package version 0.3.2},
    url = {https://CRAN.R-project.org/package=LDAvis},
    urldate = {2021-04-14},
  }


  @Manual{libmaptools,
    title = {maptools: Tools for Handling Spatial Objects},
    author = {Roger Bivand and Nicholas Lewin-Koh},
    year = {2021},
    note = {R package version 1.1-1},
    url = {https://CRAN.R-project.org/package=maptools},
    urldate = {2021-04-12},
  }


  @Article{libmarmap,
    title = {marmap: A Package for Importing, Plotting and Analyzing Bathymetric and Topographic Data in R},
    author = {Eric Pante and Benoit Simon-Bouhet},
    year = {2013},
    journal = {PLoS ONE},
    volume = {8},
    number = {9},
    pages = {e73051},
    note = {doi:10.1371/journal.pone.0073051},
  }


  @Manual{libpdftools,
    title = {pdftools: Text Extraction, Rendering and Converting of PDF Documents},
    author = {Jeroen Ooms},
    year = {2020},
    note = {R package version 2.3.1},
    url = {https://CRAN.R-project.org/package=pdftools},
    urldate = {2020-10-20},
  }


  @Manual{libreadr,
    title = {readr: Read Rectangular Text Data},
    author = {Hadley Wickham and Jim Hester},
    year = {2020},
    note = {R package version 1.4.0},
    url = {https://CRAN.R-project.org/package=readr},
    urldate = {2021-02-03},
  }


  @Manual{libRfast,
    title = {Rfast: A Collection of Efficient and Extremely Fast R Functions},
    author = {Manos Papadakis and Michail Tsagris and Marios Dimitriadis and Stefanos Fafalios and Ioannis Tsamardinos and Matteo Fasiolo and Giorgos Borboudakis and John Burkardt and Changliang Zou and Kleanthi Lakiotaki and Christina Chatzipantsiou.},
    year = {2020},
    note = {R package version 2.0.1},
    url = {https://CRAN.R-project.org/package=Rfast},
    urldate = {2020-08-07},
  }


  @Manual{librlist,
    title = {rlist: A Toolbox for Non-Tabular Data Manipulation},
    author = {Kun Ren},
    year = {2016},
    note = {R package version 0.4.6.1},
    url = {https://CRAN.R-project.org/package=rlist},
    urldate = {2020-06-15},
  }


  @Manual{libSnowballC,
    title = {SnowballC: Snowball Stemmers Based on the C 'libstemmer' UTF-8 Library},
    author = {Milan Bouchet-Valat},
    year = {2020},
    note = {R package version 0.7.0},
    url = {https://CRAN.R-project.org/package=SnowballC},
    urldate = {2021-01-15},
  }


  @Manual{libtextmineR,
    title = {textmineR: Functions for Text Mining and Topic Modeling},
    author = {Tommy Jones},
    year = {2019},
    note = {R package version 3.0.4.999},
    url = {https://www.rtextminer.com/},
    urldate = {2021-01-23},
  }


  @Article{libtidyverse,
    title = {Welcome to the {tidyverse}},
    author = {Hadley Wickham and Mara Averick and Jennifer Bryan and Winston Chang and Lucy D'Agostino McGowan and Romain François and Garrett Grolemund and Alex Hayes and Lionel Henry and Jim Hester and Max Kuhn and Thomas Lin Pedersen and Evan Miller and Stephan Milton Bache and Kirill Müller and Jeroen Ooms and David Robinson and Dana Paige Seidel and Vitalie Spinu and Kohske Takahashi and Davis Vaughan and Claus Wilke and Kara Woo and Hiroaki Yutani},
    year = {2019},
    journal = {Journal of Open Source Software},
    volume = {4},
    number = {43},
    pages = {1686},
    doi = {10.21105/joss.01686},
  }


  @Manual{liburltools,
    title = {urltools: Vectorised Tools for URL Handling and Parsing},
    author = {Os Keyes and Jay Jacobs and Drew Schmidt and Mark Greenaway and Bob Rudis and Alex Pinto and Maryam Khezrzadeh and Peter Meilstrup and Adam M. Costello and Jeff Bezanson and Peter Meilstrup and Xueyuan Jiang},
    year = {2019},
    note = {R package version 1.7.3},
    url = {https://CRAN.R-project.org/package=urltools},
    urldate = {2020-01-25},
  }


  @Article{libUScensus2000,
    title = {US Census Spatial and Demographic Data in {R}: The {UScensus2000} Suite of Packages},
    author = {Zack W. Almquist},
    journal = {Journal of Statistical Software},
    year = {2010},
    volume = {37},
    number = {6},
    pages = {1--31},
    url = {http://www.jstatsoft.org/v37/i06/},
    urldate = {2021-01-17},
  }


  @Manual{libmaps,
    title = {maps: Draw Geographical Maps},
    author = {Original S code by Richard A. Becker and Allan R. Wilks. R version by Ray Brownrigg. Enhancements by Thomas P Minka and Alex Deckmyn.},
    year = {2018},
    note = {R package version 3.3.0},
    url = {https://CRAN.R-project.org/package=maps},
    urldate = {2021-03-11},
  }


  @Manual{libstopwords,
    title = {stopwords: Multilingual Stopword Lists},
    author = {Kenneth Benoit and David Muhr and Kohei Watanabe},
    year = {2020},
    note = {R package version 2.1},
    url = {https://CRAN.R-project.org/package=stopwords},
    urldate = {2021-02-17},
  }


  @Manual{libxml2,
    title = {xml2: Parse XML},
    author = {Hadley Wickham and Jim Hester and Jeroen Ooms},
    year = {2020},
    note = {R package version 1.3.2},
    url = {https://CRAN.R-project.org/package=xml2},
    urldate = {2020-11-11},
  }


  @Book{libbookdown,
    title = {bookdown: Authoring Books and Technical Documents with {R} Markdown},
    author = {Yihui Xie},
    publisher = {Chapman and Hall/CRC},
    address = {Boca Raton, Florida},
    year = {2016},
    note = {ISBN 978-1138700109},
    url = {https://bookdown.org/yihui/bookdown},
  }

  @Book{librmarkdown,
    title = {R Markdown Cookbook},
    author = {Yihui Xie and Christophe Dervieux and Emily Riederer},
    publisher = {Chapman and Hall/CRC},
    address = {Boca Raton, Florida},
    year = {2020},
    note = {ISBN 9780367563837},
    url = {https://bookdown.org/yihui/rmarkdown-cookbook},
  }

@inproceedings{sievert-shirley-2014-ldavis,
    title = "{LDA}vis: A method for visualizing and interpreting topics",
    author = "Sievert, Carson  and
      Shirley, Kenneth",
    booktitle = "Proceedings of the Workshop on Interactive Language Learning, Visualization, and Interfaces",
    month = jun,
    year = "2014",
    address = "Baltimore, Maryland, USA",
    publisher = "Association for Computational Linguistics",
    url = "https://www.aclweb.org/anthology/W14-3110",
    doi = "10.3115/v1/W14-3110",
    pages = "63--70",
}

@INPROCEEDINGS{Wallach05topicmodeling,
    author = {Hanna M. Wallach},
    title = {Topic modeling: beyond bag-of-words},
    booktitle = {NIPS 2005 Workshop on Bayesian Methods for Natural Language Processing},
    year = {2005}
}
